@Book{Karatsuba,
  author    = {Karatsuba, A.A.},
  title     = {Euler and Number Theory},
  publisher   = {Proceedings of the Steklov Institute of Mathematics},
  year      = {2009},
}

@book{Burton,
  title={The History of Mathematics: An Introduction},
  author={Burton, D.M.},
  year={2011},
  publisher={Mcgraw-Hill}
}

@book{Elements,
  author = {J.L. Heiberg, R. Fitzpatrick},
  title = {EUCLID’S ELEMENTS OF GEOMETRY, edited and provided with a modern English translation},
}


@Online{quotes,
  title  = {Quotations, University of St Andrews},
  url    = {https://mathshistory.st-andrews.ac.uk/Biographies/Gauss/quotations/},
}

@book{identity,
  title={Euler's Pioneering Equation: The Most Beautiful Theorem in Mathematics},
  author={Wilson, R.},
  year={2019},
  publisher={Oxford University Press}
}

@Online{silta,
  title  = {Seven Bridges of Königsberg, Wikipedia},
  url    = {https://en.wikipedia.org/wiki/Seven_Bridges_of_K%C3%B6nigsberg},
}

@Online{listofthings,
  title  = {List of things named after Leonhard Euler, Wikipedia},
  url    = {https://en.wikipedia.org/wiki/List_of_things_named_after_Leonhard_Euler},
}

@Online{neperinluku,
  title  = {The number e, MacTutor},
  url    = {https://mathshistory.st-andrews.ac.uk/HistTopics/e/},
}

@Online{totient,
  title  = {Euler's totient function, Wikipedia},
  url    = {https://en.wikipedia.org/wiki/Euler%27s_totient_function},
}

@Online{onnenluku,
  title  = {Lucky Number of Euler, Wolram MathWorld},
  url    = {https://mathworld.wolfram.com/LuckyNumberofEuler.html},
}

@masterthesis{kandi,
  title        = {The Order of Euler's totient function},
  author       = {Elli Kiiski},
  year         = 2021,
  note         = {Saatavilla osoitteessa \url{https://github.com/ellikiiski/Bachelors-thesis-2021/blob/master/Versiohistoria/version-FINAL.pdf}},
  school       = {Helsingin yliopsito},
  type         = {Kandidaatintutkielma}
}